@article{dodge2017study,
  title={A Study and Comparison of Human and Deep Learning Recognition Performance Under Visual Distortions},
  author={Dodge, Samuel and Karam, Lina},
  journal={arXiv preprint arXiv:1705.02498},
  year={2017}
}

@inproceedings{klambauer2017self,
  title={Self-Normalizing Neural Networks},
  author={Klambauer, GÃ¼nter and Unterthiner, Thomas and Mayr, Andreas and Hochreiter, Sepp},
  booktitle={Advances in Neural Information Processing Systems},
  volume={30},
  pages={971--980},
  year={2017},
  organization={Curran Associates, Inc.},
  address={Long Beach, CA}
}

@inproceedings{kingma2015adam,
  title={Adam: A Method for Stochastic Optimization},
  author={Kingma, Diederik P and Ba, Jimmy},
  booktitle={3rd International Conference on Learning Representations (ICLR)},
  year={2015},
  address={San Diego, CA},
  note={arXiv:1412.6980 [cs.LG]}
}

@inproceedings{krizhevsky2012imagenet,
  title={ImageNet Classification with Deep Convolutional Neural Networks},
  author={Krizhevsky, Alex and Sutskever, Ilya and Hinton, Geoffrey E},
  booktitle={Advances in Neural Information Processing Systems},
  volume={25},
  editor={Pereira, F. and Burges, C. J. C. and Bottou, L. and Weinberger, K. Q.},
  organization={Curran Associates, Inc.},
  year={2012},
  url={https://proceedings.neurips.cc/paper_files/paper/2012/file/c399862d3b9d6b76c8436e924a68c45b-Paper.pdf}
}
